@ARTICLE{healpix,
   author = {{G{\'o}rski}, K.~M. and {Hivon}, E. and {Banday}, A.~J. and 
	{Wandelt}, B.~D. and {Hansen}, F.~K. and {Reinecke}, M. and 
	{Bartelmann}, M.},
    title = "{HEALPix: A Framework for High-Resolution Discretization and Fast Analysis of Data Distributed on the Sphere}",
  journal = {ApJ},
   eprint = {astro-ph/0409513},
 keywords = {Cosmology: Cosmic Microwave Background, Cosmology: Observations, Methods: Statistical},
     year = 2005,
    month = apr,
   volume = 622,
    pages = {759-771},
      doi = {10.1086/427976},
   adsurl = {http://adsabs.harvard.edu/abs/2005ApJ...622..759G},
  adsnote = {Provided by the SAO/NASA Astrophysics Data System}
}

@INPROCEEDINGS{opsim2,
   author = {{Ridgway}, S. and {Cook}, K. and {Miller}, M. and {Petry}, C. and 
	{Chandrasekharan}, S. and {Saha}, A. and {Allsman}, R. and {Axelrod}, T. and 
	{Claver}, C. and {Delgado}, F. and {Ivezic}, Z. and {Jones}, R.~L. and 
	{Krughoff}, S. and {Pierfederici}, F. and {Pinto}, P.},
    title = "{Simulation of autonomous observing with a ground-based telescope: the LSST experience}",
booktitle = {Society of Photo-Optical Instrumentation Engineers (SPIE) Conference Series},
     year = 2010,
   series = {Society of Photo-Optical Instrumentation Engineers (SPIE) Conference Series},
   volume = 7737,
    month = jul,
      eid = {77370Z},
      doi = {10.1117/12.857734},
   adsurl = {http://adsabs.harvard.edu/abs/2010SPIE.7737E..22R},
  adsnote = {Provided by the SAO/NASA Astrophysics Data System}
}

@INPROCEEDINGS{opsim1,
   author = {{Delgado}, F. and {Cook}, K. and {Miller}, M. and {Allsman}, R. and 
	{Pierfederici}, F.},
    title = "{LSST operation simulator implementation}",
booktitle = {Society of Photo-Optical Instrumentation Engineers (SPIE) Conference Series},
     year = 2006,
   series = {Society of Photo-Optical Instrumentation Engineers (SPIE) Conference Series},
   volume = 6270,
    month = jul,
      doi = {10.1117/12.671992},
   adsurl = {http://adsabs.harvard.edu/abs/2006SPIE.6270E..45D},
  adsnote = {Provided by the SAO/NASA Astrophysics Data System}
}

@Misc{sqlalchemy,
title =    {SQLAlchemy},
howpublished = {\url{http://www.sqlalchemy.org/}},
}

@INPROCEEDINGS{opsim3,
   author = {{Delgado}, F. and {Saha}, A. and {Chandrasekharan}, S. and {Cook}, K. and {Petry}, C. and {Ridgway}, S.},
    title = "{The LSST operations simulator}",
   volume = {This proceedings},
}

@INPROCEEDINGS{carroll,
   author = {{Carroll}, C. M. and {Gawiser}, E. and {Kurczynski}, P. L. and {Bailey}, R. A. and {Biswas}, R. and {Cinabro}, D. and {Jha}, S. W. and {Jones}, R. L. and {Krughoff}, K. S. and {Sonawalla}, A. and {Wood-Vasey}, M. and {LSST Dark Energy Science Collaboration}, T.},
    title = "{Improving the LSST dithering pattern and cadence for dark energy studies}",
   volume = {This proceedings},
}
